[gd_scene load_steps=8 format=2]

[ext_resource path="res://Objects/Board/Board.tscn" type="PackedScene" id=1]
[ext_resource path="res://Objects/Spawner/Spawner.tscn" type="PackedScene" id=2]
[ext_resource path="res://Objects/Goal/Goal.tscn" type="PackedScene" id=3]
[ext_resource path="res://Objects/Obstacles/Obstacle.tscn" type="PackedScene" id=4]
[ext_resource path="res://GUI/Background/FoggyBackground.tscn" type="PackedScene" id=5]
[ext_resource path="res://Objects/Obstacles/Tree/Tree.tscn" type="PackedScene" id=6]
[ext_resource path="res://Objects/Props/FogProp.tscn" type="PackedScene" id=7]

[node name="1_level" type="Node2D"]

[node name="FoggyBackground" parent="." instance=ExtResource( 5 )]

[node name="Board" parent="." groups=[
"board",
] instance=ExtResource( 1 )]
gap = 0.0

[node name="Camera2D" type="Camera2D" parent="."]
anchor_mode = 0
current = true

[node name="Goal" parent="." instance=ExtResource( 3 )]
position = Vector2( 256, 128 )

[node name="Obstacles" type="Node2D" parent="."]

[node name="Obstacle2" parent="Obstacles" instance=ExtResource( 4 )]
position = Vector2( 128, 128 )

[node name="Tree" parent="Obstacles" instance=ExtResource( 6 )]
position = Vector2( 256, 256 )

[node name="Spawners" type="Node2D" parent="."]

[node name="Spawner" parent="Spawners" instance=ExtResource( 2 )]
position = Vector2( 282.564, 652.792 )
object_np = "res://Objects/Invaders/Peon/Peon.tscn"
number = 1

[node name="Props" type="Node2D" parent="."]

[node name="FogProp" parent="Props" instance=ExtResource( 7 )]
position = Vector2( -157.665, 287.784 )
rotation = 1.53501

[node name="FogProp2" parent="Props" instance=ExtResource( 7 )]
position = Vector2( 616.26, 258.119 )
rotation = -1.61867

[node name="FogProp5" parent="Props" instance=ExtResource( 7 )]
position = Vector2( 1480.78, 497.558 )
rotation = -2.19223

[node name="FogProp6" parent="Props" instance=ExtResource( 7 )]
position = Vector2( 1016.74, 711.569 )
rotation = -3.51273
scale = Vector2( 0.6, 0.6 )

[node name="FogProp7" parent="Props" instance=ExtResource( 7 )]
position = Vector2( 1688.44, 190.313 )
rotation = -3.05892
scale = Vector2( 0.6, 0.6 )

[node name="FogProp8" parent="Props" instance=ExtResource( 7 )]
position = Vector2( 1423.57, 1069.67 )
rotation = -3.19924
scale = Vector2( 0.6, 0.6 )

[node name="FogProp9" parent="Props" instance=ExtResource( 7 )]
position = Vector2( 1459.59, -148.715 )
rotation = 0.0352226
scale = Vector2( 2, 2 )

[node name="FogProp3" parent="Props" instance=ExtResource( 7 )]
position = Vector2( 258.119, 623.049 )

[node name="FogProp4" parent="Props" instance=ExtResource( 7 )]
position = Vector2( 232.26, -21.1893 )
rotation = -3.1299
scale = Vector2( 0.5, 0.5 )
